111111111111111111111111111111111111111111111111111
22222222222222222222222222222222222222222222222222222
33333333333333333333333333333333333333333333333333
git is a version control
yuiwahrfqweyyrfUIoh俘虏凤凰娱乐文琼呕吐【 
Git is a distributed version control system.
Git is free software distributed under the GPL.

大家好才是真的好
$ cat readme.txt
你你您你
777777777777776666666666呀呀呀呀呀呀呀呀呀呀有
和父亲为更好【热
